% This file was created with JabRef 2.9.1.
% Encoding: Cp1252
@article{Matthaiou:2013:COML,
   author = {Matthaiou, M. and Papadogiannis, A. and Bjornson, E. and Debbah, M.},
   title = {Two-Way Relaying Under the Presence of Relay Transceiver Hardware Impairments},
   journal = {IEEE Commun. Lett.},
   volume = {17},
   number = {6},
   pages = {1136-1139},
   ISSN = {1089-7798},
   DOI = {10.1109/LCOMM.2013.042313.130191},
   year = {2013},
	 month = {Jun.},
   type = {Journal Article}
}


@inproceedings{Bjornson:2013:ICDSP,
   author = {Bjornson, Emil and Hoydis, Jakob and Kountouris, Marios and Debbah, Merouane},
   title = {Hardware impairments in large-scale {MISO} systems: Energy efficiency, estimation, and capacity limits},
   booktitle = {Proc. 2013 18th International Conference on Digital Signal Processing (DSP)},
   pages = {1-6},
   DOI = {10.1109/ICDSP.2013.6622755},
   type = {Conference Proceedings}
}


@inproceedings{Rawat2009,
   author = {Rawat, K. and Hammi, O. and Ghannouchi, F. M.},
   title = {Investigating effects of quadrature imperfection of vector multiplier in implementing {RF}/Digital predistortion},
   booktitle = {Proc. 2009 IEEE 10th AnnualWireless and Microwave Technology Conference (WAMICON '09) },
   pages = {1-4},
   DOI = {10.1109/WAMICON.2009.5207270},
   type = {Conference Proceedings}
}


@inproceedings{Krone2008,
   author = {Krone, S. and Fettweis, G.},
   title = {On the Capacity of {OFDM} Systems with Receiver {I/Q} Imbalance},
   booktitle = {Proc. 2008 IEEE International Conference onCommunications (ICC'08)},
   pages = {1317-1321},
   DOI = {10.1109/ICC.2008.256},
   type = {Conference Proceedings}
}


@article{Bjornson2013,
   author = {Bjornson, E. and Matthaiou, M. and Debbah, M.},
   title = {A New Look at Dual-Hop Relaying: Performance Limits with Hardware Impairments},
   journal = {IEEE Trans. Commun.},
   volume = {62},
   number = {3},
   pages = {836-847},
   DOI = {10.1109/TCOMM.2013.100913.130282},
   year = {2013},
	 month = {Mar.},
   type = {Journal Article}
}


@inproceedings{Thanh2013,
   author = {Tran, Thien-Thanh and Bao, Vo Nguyen Quoc and Dinh Thanh, Vu and Duong, Trung Q.},
   title = {Performance analysis and optimal relay position of cognitive spectrum-sharing dual-hop decode-and-forward networks},
   booktitle = {Proc. 2013 International Conference on Computing, Management and Telecommunications (ComManTel'13)},
   pages = {269-273},
   type = {Conference Proceedings}
}


@article{Bao2013,
   author = {Bao, Vo Nguyen Quoc and Duong, T. and Da Costa, D. and Alexandropoulos, G. and Nallanathan, A.},
   title = {Cognitive Amplify-and-Forward Relaying with Best Relay Selection in Non-Identical {R}ayleigh Fading},
   journal = {IEEE Commun. Lett.},
   volume = {17},
   number = {3},
   pages = {475 - 478},
   year = {2013},
	 month = {Mar.},
   type = {Journal Article}
}


@article{Duong2011,
   author = {Duong, T. Q. and Bao, V. N. Q. and Zepernick, H. J.},
   title = {Exact outage probability of cognitive {AF} relaying with underlay spectrum sharing},
   journal = {Electron. Lett.},
   volume = {47},
   number = {17},
   pages = {1001-1002},
   year = {2011},
   type = {Journal Article}
}


@article{Bao2012,
   author = {Bao, Vo Nguyen Quoc and Trung, Duong Quang},
   title = {Exact Outage Probability of Cognitive Underlay {DF} Relay Networks with Best Relay Selection},
   journal = {IEICE Trans. Commun.},
	 volume = {E95-B},
   number = {06},
   pages = {2169-2173},
   year = {2012},
	 month = {Jun.},
   type = {Journal Article}
}


@article{Lee2011,
   author = {Lee, Jemin and Wang, Hano and Andrews, Jeffrey G. and Hong, Daesik},
   title = {Outage Probability of Cognitive Relay Networks with Interference Constraints},
   journal = {IEEE Trans. Wirel. Commun.},
   volume = {10},
   number = {2},
   pages = {390-395},
   ISSN = {1536-1276},
   year = {2011},
	 month = {Feb.},
   type = {Journal Article}
}

@article{TaeWon2009,
   author = {Tae Won, Ban and Wan, Choi and Bang Chul, Jung and Dan Keun, Sung},
   title = {Multi-user diversity in a spectrum sharing system},
   journal = {IEEE Trans. Wirel. Commun.},
   volume = {8},
   number = {1},
   pages = {102-106},
   year = {2009},
	 month = {Jan.},
   type = {Journal Article}
}



@article{Hasna2003,
   author = {Hasna, Mazen O. and Alouini, Mohamed-Slim},
   title = {End-to-End Performance of Transmission System with Relays over {R}ayleigh-Fading Channels},
   journal = {IEEE Trans. Wirel. Commun.},
   volume = {2},
   number = {6},
   pages = {1126-1131},
   year = {2003},
	 month = {Jun.},
   type = {Journal Article}
}


@article{FCC2002,
   author = {FCC},
   title = {Spectrum Policy Task Force },
   journal = {ET Docket 02-155},
   number = {11},
   year = {2002},
   type = {Journal Article}
}


@article{Mitola1999,
   author = {Mitola, J., III and Maguire, G. Q., Jr.},
   title = {Cognitive radio: making software radios more personal},
   journal = {IEEE Pers. Commun.},
   volume = {6},
   number = {4},
   pages = {13-18},
   year = {1999},
	 month = {Apr.},
   type = {Journal Article}
}


@ARTICLE{Bao2012:Trung,
  author = "V. N. Q. Bao and T. Q. Duong",
  title = {Outage analysis of cognitive multi-hop networks under interference
	constraints},
  journal = "IEICE Trans. Commun.",
  year = "2012",
  volume = "95",
  pages = "1019-1022",
  number = {3},
  month = "Mar."
}

@ARTICLE{Bao2009:Trans,
  author = "V. N. Q. Bao and H. Y. Kong",
  title = "Diversity order analysis of dual-hop relaying with partial relay
	selection",
  journal = "IEICE Trans. on Commun.",
  year = "2009",
  volume = "92",
  pages = "3942 - 3946",
  month =" Dec."
}

@ARTICLE{Bojornson2013,
  author = "E. Bojornson, M. Matthaiou, and M. Debbah",
  title = "A new look at dual-hop relaying: Performance limits with hardware
	impairments",
  journal = "IEEE Trans. Commun.",
  year = "2013",
  volume = "61",
  pages = "4512-4525",
  number = "11",
  month = {Nov.}
}

@ARTICLE{Goldsmith2009:Proc,
  author = "A. Goldsmith and S. A. Jafar and I. Maric and S. Srinivasa",
  title = "Breaking Spectrum Gridlock With Cognitive Radios: An Information
	Theoretic Perspective",
  journal = "Proc. IEEE",
  year = "2009",
  volume = "97",
  pages = "894-914",
  number = "5",
  month = {May}
}

@ARTICLE{Laneman2004:Trans,
  author = "J. N. Laneman, D. Tse, and G. W. Wornell",
  title = "Cooperative diversity in wireless networks: Efficient protocols and
	outage behavior",
  journal = "IEEE Trans. Inf. Theory",
  year = "2004",
  volume = "50",
  pages = "3062-3080",
  number = "12",
  month = "Dec."
}

@ARTICLE{Laneman2003:Trans,
  author = "J. N. Laneman and G. W. Wornell",
  title = "Distributed space-time coded protocols for exploiting cooperative
	diversity in wireless networks",
  journal = "IEEE Trans. Inf. Theory",
  year = "2003",
  volume = "49",
  pages = "2415-2425",
  number = "10",
  month = "Oct."
}

@ARTICLE{Matthaiou2013,
  author = "M. Matthaiou, A. Papadogiannis, E. Bj√∂rnson, and M. Debbah",
  title = "Two-way relaying under the presence of relay transceiver hardware
	impairments",
  journal = "IEEE Commun. Lett.",
  year = "2013",
  volume = "17",
  pages = "1136-1139",
  number = "6",
  month = {Jun.}
}

@ARTICLE{Trung2012,
  author = "T. Q. Duong, P. L. Yeoh, V. N. Q. Bao, M. Elkashlan, and N. Yang",
  title = "Cognitive Relay Networks With Multiple Primary Transceivers Under
	Spectrum-Sharing",
  journal = "IEEE Signal Proc. Lett.",
  year = "2012",
  volume = "19",
  pages = "741-744"
}

